This file was created with JabRef 1.8.1.
Encoding: UTF8

@Book{companion,
  hyphenation = {american},
  sorttitle   = {LaTeX Companion},
  author   = {Goossens, Michel and Mittelbach, Frank and Samarin, Alexander},
  indextitle  = {LaTeX Companion, The},
  title    = {The LaTeX Companion},
  shorttitle  = {LaTeX Companion},
  edition   = {1},
  publisher   = {Addison-Wesley},
  location   = {Reading, Mass.},
  date    = {1994},
  pagetotal   = {528},
  annotation  = {A book with three authors. Note the formatting of the author
                 list. By default, only the first name is reversed in the
                 bibliography}
}

@ONLINE{github:Online,
	url={http://developers.github.com/v3/}
}

@ONLINE{githubarchive,
	url={http://githubarchive.org}

@ARTICLE{cf,
	title={Advances in Collaborative Filtering},
	journal={Recommender Systems handbook},
	publisher={Springer Science+Business Media},
	year={2011},
	author={Yehuda Koren and Robert Bell},
	pages={146-186}
}

@ARTICLE{adm,
	title={Designing Specific Weighted Similarity Measures to Improve Collaborative Filtering Systems},
	journal={Lecture Notes in Artificial Intelligence: Advances in Data Mining. 8th Industrial Conference, ICDM 2008.},
	year={2008},
	volume={5077},
	author={Laurent Candillier, Frank Meyer, Francoise Fessant},
	pages={242-255},
}


@inproceedings{wtf,
	title={WTF: The Who to Follow Service at Twitter},
	author={Pankaj Gupta et al.},
	booktitle={World Wide Web Conference},
	year={2013}
}
	
@inproceedings{al2006link,
	title={Link prediction using supervised learning},
	author={Al Hasan, Mohammad and Chaoji, Vineet and Salem, Saeed and Zaki, Mohammed},
	booktitle={SDM'06: Workshop on Link Analysis, Counter-terrorism and Security},
	year={2006}
}

@article{lu2011link,
 	title={Link prediction in complex networks: A survey},
	author={L{\"u}, Linyuan and Zhou, Tao},
	journal={Physica A: Statistical Mechanics and its Applications},
	volume={390},
	number={6},
	pages={1150--1170},
	year={2011},
	publisher={Elsevier}
}

@article{Rodriguez,
	archivePrefix = {arXiv},
	journal = {arXiv:1004.1001v1},
	author = {Rodriguez, Marko A and Neubauer, Peter},
	eprint = {arXiv:1004.1001v1},
	file = {:Users/lyonwj/Dropbox/Documents/CS\_thesis/graph\_db/high/graph\_traversal\_pattern.pdf:pdf},
	pages = {1--18},
	title = {{The Graph Traversal Pattern}}
}
	